<record><leader>00000cas a22000007a 4500</leader><controlfield tag="001">10176093</controlfield><controlfield tag="008">831201d18711904pauwr ne      0    0eng d</controlfield><controlfield tag="009">3781</controlfield><datafield ind1=" " ind2=" " tag="010"><subfield code="a">sn 83032115 </subfield></datafield><datafield ind1=" " ind2=" " tag="040"><subfield code="a">NPU</subfield><subfield code="b">eng</subfield><subfield code="c">NPU</subfield><subfield code="d">DLC</subfield><subfield code="d">NPX</subfield><subfield code="d">NPH</subfield></datafield><datafield ind1="1" ind2=" " tag="029"><subfield code="a">AU@</subfield><subfield code="b">000025834983</subfield></datafield><datafield ind1=" " ind2=" " tag="042"><subfield code="a">msc</subfield></datafield><datafield ind1="0" ind2=" " tag="130"><subfield code="a">Huntingdon journal (Huntingdon, Pa. : 1871)</subfield></datafield><datafield ind1="0" ind2="4" tag="245"><subfield code="a">The Huntingdon journal.</subfield></datafield><datafield ind1=" " ind2=" " tag="260"><subfield code="a">Huntingdon, Pa. :</subfield><subfield code="b">J.R. Durborrow and J.A. Nash,</subfield><subfield code="c">1871-1904.</subfield></datafield><datafield ind1=" " ind2=" " tag="300"><subfield code="a">33 v. ;</subfield><subfield code="c">71 cm.</subfield></datafield><datafield ind1=" " ind2=" " tag="310"><subfield code="a">Weekly</subfield></datafield><datafield ind1="0" ind2=" " tag="362"><subfield code="a">Vol. 46, no. 1 (Jan. 4, 1871)-v. 69, no. 25 (June 23, 1904).</subfield></datafield><datafield ind1=" " ind2=" " tag="500"><subfield code="a">Published every Wednesday morning.</subfield></datafield><datafield ind1=" " ind2=" " tag="500"><subfield code="a">Publishers: J.R. Durborrow &amp; Co., &lt;1873&gt;; J.R. Durborrow &amp; John A. Nash, &lt;1876&gt;.</subfield></datafield><datafield ind1=" " ind2=" " tag="500"><subfield code="a">"Republican," &lt;1876&gt;.</subfield></datafield><datafield ind1=" " ind2=" " tag="500"><subfield code="a">Editor: J.R. Durborrow, &lt;1876&gt;.</subfield></datafield><datafield ind1=" " ind2=" " tag="580"><subfield code="a">Also published in a daily editon called: Huntingdon daily journal.</subfield></datafield><datafield ind1=" " ind2=" " tag="752"><subfield code="a">United States</subfield><subfield code="b">Pennsylvania</subfield><subfield code="c">Huntingdon</subfield><subfield code="d">Huntingdon.</subfield></datafield><datafield ind1="0" ind2=" " tag="770"><subfield code="t">Journal bantling</subfield><subfield code="w">(DLC)sn 87080323</subfield></datafield><datafield ind1="1" ind2=" " tag="775"><subfield code="t">Huntingdon daily journal</subfield></datafield><datafield ind1="0" ind2="4" tag="780"><subfield code="t">Journal and American</subfield><subfield code="w">(DLC)sn 86081930</subfield></datafield><datafield ind1="0" ind2="4" tag="780"><subfield code="t">Huntingdon County Republican</subfield><subfield code="w">(DLC)sn 86071458</subfield></datafield><datafield ind1="0" ind2="0" tag="785"><subfield code="t">New era journal</subfield><subfield code="w">(DLC)sn 86081969</subfield></datafield></record>